% Beispiel für Bucheinträge

@book{mueller2020,
  author    = {Müller, Hans},
  title     = {Titel des Buches},
  publisher = {Verlagsname},
  year      = {2020},
  address   = {Ort},
  isbn      = {123-456-789}
}

@article{schmidt2022,
  author  = {Schmidt, Maria},
  title   = {Titel des Artikels},
  journal = {Name der Zeitschrift},
  year    = {2022},
  volume  = {5},
  number  = {2},
  pages   = {123--145},
  doi     = {10.1234/beispiel}
}